@inproceedings{gans_base,
 author = {Goodfellow, Ian and Pouget-Abadie, Jean and Mirza, Mehdi and Xu, Bing and Warde-Farley, David and Ozair, Sherjil and Courville, Aaron and Bengio, Yoshua},
 booktitle = {Advances in Neural Information Processing Systems},
 editor = {Z. Ghahramani and M. Welling and C. Cortes and N. Lawrence and K. Q. Weinberger},
 pages = {2672--2680},
 publisher = {Curran Associates, Inc.},
 title = {Generative Adversarial Nets},
 url = {https://proceedings.neurips.cc/paper/2014/file/5ca3e9b122f61f8f06494c97b1afccf3-Paper.pdf},
 volume = {27},
 year = {2014}
}

@article{vae_base,
  author    = {Diederik P. Kingma and
               Max Welling},
  title     = {An Introduction to Variational Autoencoders},
  journal   = {Found. Trends Mach. Learn.},
  volume    = {12},
  number    = {4},
  pages     = {307--392},
  year      = {2019},
  url       = {https://doi.org/10.1561/2200000056},
  doi       = {10.1561/2200000056},
  timestamp = {Thu, 18 Jun 2020 22:08:17 +0200},
  biburl    = {https://dblp.org/rec/journals/ftml/KingmaW19.bib},
  bibsource = {dblp computer science bibliography, https://dblp.org}
}

@article{gen_face_landmark,
  author    = {Sefik Emre Eskimez and
               Ross K. Maddox and
               Chenliang Xu and
               Zhiyao Duan},
  title     = {Generating Talking Face Landmarks from Speech},
  journal   = {CoRR},
  volume    = {abs/1803.09803},
  year      = {2018},
  url       = {http://arxiv.org/abs/1803.09803},
  archivePrefix = {arXiv},
  eprint    = {1803.09803},
  timestamp = {Mon, 13 Aug 2018 16:48:15 +0200},
  biburl    = {https://dblp.org/rec/journals/corr/abs-1803-09803.bib},
  bibsource = {dblp computer science bibliography, https://dblp.org}
}

@inproceedings{vougioukas2019,
  author    = {Konstantinos Vougioukas and
               Stavros Petridis and
               Maja Pantic},
  title     = {End-to-End Speech-Driven Realistic Facial Animation with Temporal
               GANs},
  booktitle = {{IEEE} Conference on Computer Vision and Pattern Recognition Workshops,
               {CVPR} Workshops 2019, Long Beach, CA, USA, June 16-20, 2019},
  pages     = {37--40},
  publisher = {Computer Vision Foundation / {IEEE}},
  year      = {2019},
  url       = {http://openaccess.thecvf.com/content\_CVPRW\_2019/html/Sight\_and\_Sound/Konstantinos\_Vougioukas\_End-to-End\_Speech-Driven\_Realistic\_Facial\_Animation\_with\_Temporal\_GANs\_CVPRW\_2019\_paper.html},
  timestamp = {Mon, 20 Apr 2020 17:11:42 +0200},
  biburl    = {https://dblp.org/rec/conf/cvpr/VougioukasPP19.bib},
  bibsource = {dblp computer science bibliography, https://dblp.org}
}

@article{vougioukas2020,
  author    = {Konstantinos Vougioukas and
               Stavros Petridis and
               Maja Pantic},
  title     = {Realistic Speech-Driven Facial Animation with GANs},
  journal   = {Int. J. Comput. Vis.},
  volume    = {128},
  number    = {5},
  pages     = {1398--1413},
  year      = {2020},
  url       = {https://doi.org/10.1007/s11263-019-01251-8},
  doi       = {10.1007/s11263-019-01251-8},
  timestamp = {Fri, 22 May 2020 21:56:31 +0200},
  biburl    = {https://dblp.org/rec/journals/ijcv/VougioukasPP20.bib},
  bibsource = {dblp computer science bibliography, https://dblp.org}
}

@inproceedings{chen2018,
  author    = {Lele Chen and
               Zhiheng Li and
               Ross K. Maddox and
               Zhiyao Duan and
               Chenliang Xu},
  editor    = {Vittorio Ferrari and
               Martial Hebert and
               Cristian Sminchisescu and
               Yair Weiss},
  title     = {Lip Movements Generation at a Glance},
  booktitle = {Computer Vision - {ECCV} 2018 - 15th European Conference, Munich,
               Germany, September 8-14, 2018, Proceedings, Part {VII}},
  series    = {Lecture Notes in Computer Science},
  volume    = {11211},
  pages     = {538--553},
  publisher = {Springer},
  year      = {2018},
  url       = {https://doi.org/10.1007/978-3-030-01234-2\_32},
  doi       = {10.1007/978-3-030-01234-2\_32},
  timestamp = {Tue, 14 May 2019 10:00:45 +0200},
  biburl    = {https://dblp.org/rec/conf/eccv/ChenLMDX18.bib},
  bibsource = {dblp computer science bibliography, https://dblp.org}
}

@inproceedings{chen2019,
  author    = {Lele Chen and
               Ross K. Maddox and
               Zhiyao Duan and
               Chenliang Xu},
  title     = {Hierarchical Cross-Modal Talking Face Generation With Dynamic Pixel-Wise
               Loss},
  booktitle = {{IEEE} Conference on Computer Vision and Pattern Recognition, {CVPR}
               2019, Long Beach, CA, USA, June 16-20, 2019},
  pages     = {7832--7841},
  publisher = {Computer Vision Foundation / {IEEE}},
  year      = {2019},
  url       = {http://openaccess.thecvf.com/content\_CVPR\_2019/html/Chen\_Hierarchical\_Cross-Modal\_Talking\_Face\_Generation\_With\_Dynamic\_Pixel-Wise\_Loss\_CVPR\_2019\_paper.html},
  doi       = {10.1109/CVPR.2019.00802},
  timestamp = {Thu, 27 Aug 2020 07:31:34 +0200},
  biburl    = {https://dblp.org/rec/conf/cvpr/ChenMDX19.bib},
  bibsource = {dblp computer science bibliography, https://dblp.org}
}

@inproceedings{chen2020,
  author    = {Lele Chen and
               Guofeng Cui and
               Celong Liu and
               Zhong Li and
               Ziyi Kou and
               Yi Xu and
               Chenliang Xu},
  editor    = {Andrea Vedaldi and
               Horst Bischof and
               Thomas Brox and
               Jan{-}Michael Frahm},
  title     = {Talking-Head Generation with Rhythmic Head Motion},
  booktitle = {Computer Vision - {ECCV} 2020 - 16th European Conference, Glasgow,
               UK, August 23-28, 2020, Proceedings, Part {IX}},
  series    = {Lecture Notes in Computer Science},
  volume    = {12354},
  pages     = {35--51},
  publisher = {Springer},
  year      = {2020},
  url       = {https://doi.org/10.1007/978-3-030-58545-7\_3},
  doi       = {10.1007/978-3-030-58545-7\_3},
  timestamp = {Sat, 14 Nov 2020 00:57:06 +0100},
  biburl    = {https://dblp.org/rec/conf/eccv/ChenCLLKXX20.bib},
  bibsource = {dblp computer science bibliography, https://dblp.org}
}

@article{grid,
  title={An audio-visual corpus for speech perception and automatic speech recognition.},
  author={M. Cooke and J. Barker and S. Cunningham and X. Shao},
  journal={The Journal of the Acoustical Society of America},
  year={2006},
  volume={120 5 Pt 1},
  pages={
          2421-4
        }
}

@article{crema-d,
  author={H. {Cao} and D. G. {Cooper} and M. K. {Keutmann} and R. C. {Gur} and A. {Nenkova} and R. {Verma}},
  journal={IEEE Transactions on Affective Computing}, 
  title={CREMA-D: Crowd-Sourced Emotional Multimodal Actors Dataset}, 
  year={2014},
  volume={5},
  number={4},
  pages={377-390},
  doi={10.1109/TAFFC.2014.2336244}}

@InProceedings{lrw,
  author       = "Chung, J.~S. and Zisserman, A.",
  title        = "Lip Reading in the Wild",
  booktitle    = "Asian Conference on Computer Vision",
  year         = "2016",
}

@InProceedings{vox,
	author       = "Nagrani, A. and Chung, J.~S. and Zisserman, A.",
	title        = "VoxCeleb: a large-scale speaker identification dataset",
	booktitle    = "INTERSPEECH",
	year         = "2017",
}


@article{chen_survey,
  author    = {Lele Chen and
               Guofeng Cui and
               Ziyi Kou and
               Haitian Zheng and
               Chenliang Xu},
  title     = {What comprises a good talking-head video generation?: {A} Survey and
               Benchmark},
  journal   = {CoRR},
  volume    = {abs/2005.03201},
  year      = {2020},
  url       = {https://arxiv.org/abs/2005.03201},
  archivePrefix = {arXiv},
  eprint    = {2005.03201},
  timestamp = {Sat, 09 May 2020 15:06:08 +0200},
  biburl    = {https://dblp.org/rec/journals/corr/abs-2005-03201.bib},
  bibsource = {dblp computer science bibliography, https://dblp.org}
}

@article{zakharov,
  author    = {Egor Zakharov and
               Aliaksandra Shysheya and
               Egor Burkov and
               Victor S. Lempitsky},
  title     = {Few-Shot Adversarial Learning of Realistic Neural Talking Head Models},
  journal   = {CoRR},
  volume    = {abs/1905.08233},
  year      = {2019},
  url       = {http://arxiv.org/abs/1905.08233},
  archivePrefix = {arXiv},
  eprint    = {1905.08233},
  timestamp = {Tue, 28 May 2019 12:48:08 +0200},
  biburl    = {https://dblp.org/rec/journals/corr/abs-1905-08233.bib},
  bibsource = {dblp computer science bibliography, https://dblp.org}
}

@article{chung,
  author    = {Joon Son Chung and
               Amir Jamaludin and
               Andrew Zisserman},
  title     = {You said that?},
  journal   = {CoRR},
  volume    = {abs/1705.02966},
  year      = {2017},
  url       = {http://arxiv.org/abs/1705.02966},
  archivePrefix = {arXiv},
  eprint    = {1705.02966},
  timestamp = {Mon, 13 Aug 2018 16:49:12 +0200},
  biburl    = {https://dblp.org/rec/journals/corr/ChungJZ17.bib},
  bibsource = {dblp computer science bibliography, https://dblp.org}
}
